
@inproceedings{Aguilera2018,
  author    = {Marcos K. Aguilera and
               Nadav Amit and
               Irina Calciu and
               Xavier Deguillard and
               Jayneel Gandhi and
               Stanko Novakovic and
               Arun Ramanathan and
               Pratap Subrahmanyam and
               Lalith Suresh and
               Kiran Tati and
               Rajesh Venkatasubramanian and
               Michael Wei},
  editor    = {Haryadi S. Gunawi and
               Benjamin Reed},
  title     = {Remote regions: a simple abstraction for remote memory},
  booktitle = {2018 {USENIX} Annual Technical Conference, {USENIX} {ATC} 2018, Boston,
               MA, USA, July 11-13, 2018},
  pages     = {775--787},
  publisher = {{USENIX} Association},
  year      = {2018},
  url       = {https://www.usenix.org/conference/atc18/presentation/aguilera},
  timestamp = {Mon, 16 Jul 2018 15:48:02 +0200},
  biburl    = {https://dblp.org/rec/conf/usenix/AguileraACDGNRS18.bib},
  bibsource = {dblp computer science bibliography, https://dblp.org}
}

@inproceedings{Barbalace2017, author = {Barbalace, Antonio and Iliopoulos, Anthony and Rauchfuss, Holm and Brasche, Goetz}, title = {It's Time to Think About an Operating System for Near Data Processing Architectures}, year = {2017}, isbn = {9781450350686}, publisher = {Association for Computing Machinery}, address = {New York, NY, USA}, url = {https://doi.org/10.1145/3102980.3102990}, doi = {10.1145/3102980.3102990}, booktitle = {Proceedings of the 16th Workshop on Hot Topics in Operating Systems}, pages = {56–61}, numpages = {6}, keywords = {multiple kernels OS, single protection domain, decentralized resource control, Near data processing}, location = {Whistler, BC, Canada}, series = {HotOS '17} }

@article{Boroumand2017,
  author    = {Amirali Boroumand and
               Saugata Ghose and
               Minesh Patel and
               Hasan Hassan and
               Brandon Lucia and
               Nastaran Hajinazar and
               Kevin Hsieh and
               Krishna T. Malladi and
               Hongzhong Zheng and
               Onur Mutlu},
  title     = {LazyPIM: Efficient Support for Cache Coherence in Processing-in-Memory
               Architectures},
  journal   = {CoRR},
  volume    = {abs/1706.03162},
  year      = {2017},
  url       = {http://arxiv.org/abs/1706.03162},
  archivePrefix = {arXiv},
  eprint    = {1706.03162},
  timestamp = {Mon, 13 Aug 2018 16:47:40 +0200},
  biburl    = {https://dblp.org/rec/journals/corr/BoroumandGPHLHH17.bib},
  bibsource = {dblp computer science bibliography, https://dblp.org}
}
  
@article{Ghose2019,
author = {Ghose, Saugata and Boroumand, Amirali and Kim, Jeremie and Gómez-Luna, Juan and Mutlu, Onur},
year = {2019},
month = {08},
pages = {1-1},
title = {Processing-in-Memory: A Workload-Driven Perspective},
volume = {PP},
journal = {IBM Journal of Research and Development},
doi = {10.1147/JRD.2019.2934048}
}

@article{Liang2005,
  title={Swapping to Remote Memory over InfiniBand: An Approach using a High Performance Network Block Device},
  author={S. Liang and R. Noronha and D. Panda},
  journal={2005 IEEE International Conference on Cluster Computing},
  year={2005},
  pages={1-10}
}

@inproceedings{Novakovic2014,
  title={Scale-out NUMA},
  author={Stanko Novakovic and A. Daglis and E. Bugnion and B. Falsafi and Boris Grot},
  booktitle={ASPLOS '14},
  year={2014}
}

@inproceedings{Yang2020,
  title={FileMR: Rethinking RDMA Networking for Scalable Persistent Memory},
  author={Jian Yang and J. Izraelevitz and S. Swanson},
  booktitle={NSDI},
  year={2020}
}

@inproceedings{Zhang2015,
  title={Mojim: A Reliable and Highly-Available Non-Volatile Memory System},
  author={Yiying Zhang and Jian Yang and Amirsaman Memaripour and S. Swanson},
  booktitle={ASPLOS '15},
  year={2015}
}
